@article{aaronson201310,
  title={10 Why Philosophers Should Care about Computational Complexity},
  author={Aaronson, Scott and Turing, Alan M},
  journal={Computability: Turing, G{\"o}del, Church, and Beyond},
  pages={261},
  year={2013},
  publisher={MIT Press}
}